@article{dunkels2011contikimac,
  title={The contikimac radio duty cycling protocol},
  author={Dunkels, Adam},
  year={2011},
  publisher={Swedish Institute of Computer Science}
}

@article{bachir2010mac,
  title={MAC essentials for wireless sensor networks},
  author={Bachir, Abdelmalik and Dohler, Mischa and Watteyne, Thomas and Leung, Kin K},
  journal={IEEE Communications Surveys \& Tutorials},
  volume={12},
  number={2},
  pages={222--248},
  year={2010},
  publisher={IEEE}
}

@misc{servoMotor,
  author = {},
  title = {{Servo Motor HS-422}},
  howpublished = "\url{https://www.multiplex-rc.de/produkte/112422-servo-hs-422}",
  year = {2008},
  note = "[Online; accessed 19-July-2008]"
}

@misc{howServoworks,
author = {Jameco.com},
title = {How Servo Motors Work},
url = {https://www.jameco.com/jameco/workshop/howitworks/how-servo-motors-work.html},
note={accessed 2019-08-14},
}

@misc{anemometer,
author = {Alexander Egger},
title = {Arduino Anemometer bauen},
url = {https://www.aeq-web.com/anemometer-mit-dem-arduino-bauen/},
year = {2018},
note = {accessed 2019-08-14},
}


@misc{REmote,
  author = {},
  title = {{Zolertia Remote}},
  howpublished = "\url{https://github.com/Zolertia/Resources/wiki/RE-Mote}",
  year = {2008},
  note = "[Online; accessed 19-July-2008]"
}

